Month,Sales
2022-01,12849
2022-02,7047
2022-03,7747
2022-04,14167
2022-05,14998
2022-06,5189
2022-07,7734
2022-08,8005
2022-09,9658
2022-10,6899
2022-11,12734
2022-12,6267
2023-01,6528
2023-02,8556
2023-03,8890
2023-04,13838
2023-05,10393
2023-06,13792
2023-07,13433
2023-08,12513
2023-09,7612
2023-10,12041
2023-11,14555
2023-12,11235
